@unpublished{ref1,
title={Wave : A new family of trapdoor one-way preimage sampleable functions based on codes},
author={Thomas Debris-Alazard, Nicolas Sendrier, Jean-Pierre Tillich},
year={2018},
url={https://eprint.iacr.org/2018/996.pdf}
}

@unpublished{ref2,
title={Cryptographie fondée sur les codes : nouvelles approches
pour constructions et preuves ; contribution en
cryptanalyse},
author={Thomas Debris-Alazard},
school={Sorbonne Université},
organization={INRIA de Paris/Équipe-projet SECRET},
year={2019},
url={https://hal.inria.fr/tel-02424234/document}
}